<?xml version="1.0" encoding="UTF-8"?><record xmlns="http://www.loc.gov/MARC21/slim" xmlns:cinclude="http://apache.org/cocoon/include/1.0" xmlns:zs="http://www.loc.gov/zing/srw/">
  <leader>00630nz  a2200145n  4500</leader>
  <controlfield tag="001">nb2001053902</controlfield>
  <controlfield tag="003">DLC</controlfield>
  <controlfield tag="005">20010726063114.0</controlfield>
  <controlfield tag="008">010725n| acannaabn          |n aaa      </controlfield>
  <datafield tag="010" ind1=" " ind2=" ">
    <subfield code="a">nb2001053902</subfield>
  </datafield>
  <datafield tag="040" ind1=" " ind2=" ">
    <subfield code="a">Uk</subfield>
    <subfield code="b">eng</subfield>
    <subfield code="c">Uk</subfield>
  </datafield>
  <datafield tag="100" ind1="1" ind2="0">
    <subfield code="a">Walsh, Stephen</subfield>
    <subfield code="q">(Stephen A.)</subfield>
  </datafield>
  <datafield tag="670" ind1=" " ind2=" ">
    <subfield code="a">Stalingrad, 2000:</subfield>
    <subfield code="b">t.p. (Stephen Walsh) jkt. (Senior Lecturer in War Studies at the Royal Academy, Sandhurst)</subfield>
  </datafield>
  <datafield tag="670" ind1=" " ind2=" ">
    <subfield code="a">CDISS Research Associates WWW Site, 25 Jul. 2001</subfield>
    <subfield code="b">(Mr Stephen A. Walsh, B.A. (Hons), M.A., graduated from Lancaster Uni. with a Masters in Defence and Strategic Studies)</subfield>
  </datafield>
  <datafield tag="670" ind1=" " ind2=" ">
    <subfield code="a">The Eastern Front, 2001:</subfield>
    <subfield code="b">CIP t.p. (Stephen Walsh)</subfield>
  </datafield>
</record>